@misc{SlackAPI,
    howpublished = "\url{https://api.slack.com/tutorials}"
}

@misc{GithubApp,
    howpublished = "\url{https://slack.com/apps/A0F7YS2SX-github}"
}

@misc{IS511,
    howpublished = "\url{http://syssec.kaist.ac.kr/~yongdaek/courses/is511/index.html}"
}

@misc{IS512,
    howpublished = "\url{http://softsec.kaist.ac.kr/courses/2017s-is521/}"
}
